@string{US = {United States}}
@string{DOE = {Department Of Energy}}
@string{PPCF = {Plasma Phys. Control. Fusion}}
@string{POP = {Phys. Plasmas}}
@string{POF = {Phys. Fluids}}
@string{POFB = {Phys. Fluids B}}
@string{NJP = {New J. Physics}}
@string{JNM = {J. Nucl. Materials}}
@string{NUF = {Nuclear Fusion}}
@string{PPPL = {Princeton Plasma Physics Laboratory}}
@string{OUP = {Oxford University Press}}
@string{CUP = {Cambridge University Press}}
@string{CPP = {Contrib. Plasma Phys.}}
@string{PRL = {Phys. Rev. Lett.}}
@string{PRE = {Phys. Rev. E}}
@string{PLA = {Phys. Lett. A}}
@string{JPFR = {J. Plasma Fusion Res.}}
@string{JPP = {J. Plasma Physics}}
@string{RSI = {Rev. Sci. Inst.}}
@string{FED = {Fusion Engineering and Design}}
@string{NTF = {Nuclear Technology - Fusion}}
@string{CPPCF = {Comments Plasma Phys. Controlled Fusion}}
@string{JPSJ = {J. Physical Society of Japan}}



@InCollection{Braginskii1965,
  author =       {Braginskii, S. I.},
  title =        {T{ransport processes in a plasma}},
  booktitle =    {Reviews of Plasma Physics},
  pages =        {205-311},
  publisher =    {Consultants Bureau, New York},
  year =         1965,
  editor =       "Leontovich, M A",
  volume =       1
}



@Article{Gekelman1991,
  author =       {W. Gekelman and H. Pfister and Z. Lucky and J. Bamber and D. Leneman and J. Maggs},
  title =        {Design, Construction and Properties of the Large Plasma Research Device - The LAPD at UCLA},
  journal =      RSI,
  year =         1991,
  volume =       {62},
  pages =        {2875},
}



@Article{Camargo1995,
  author =       {S. J. Camargo and D. Biskamp and B. D. Scott},
  title =        {Resistive drift-wave turbulence},
  journal =      POP,
  year =         1995,
  volume =       {2},
  pages =        {48},
}

@Article{camargo1998,
  author =       {S. J. Camargo and M. K. Tippett and I. L. Caldas},
  title =        {Nonmodal energetics of resistive drift waves},
  journal =      PRE,
  year =         1998,
  volume =       {58},
  pages =        {3693},
}



@Article{Holland2007,
  author =       {C. Holland and G. R. Tynan and R. J. Fonck and G. R. McKee and J. Candy and R. E. Waltz},
  title =        {Zonal-flow-driven nonlinear energy transfer in experiment and simulation},
  journal =      POP,
  year =         2007,
  volume =       {14},
  pages =        {056112},
}

@Article{Holland2003,
  author =       {C. Holland and P. H. Diamond and S. Champeaux and E. Kim and O. Gurcan and M. N. Rosenbluth and G. R. Tynan and N. Crocker and W. Nevins and J. Candy},
  title =        {Investigations of the role of nonlinear couplings in structure formation and transport regulation: experiment, simulation, and theory},
  journal =      NUF,
  year =         2003,
  volume =       {43},
  pages =        {761},
}



@Article{Umansky2009,
  author =       {M. V. Umansky and X. Q. Xu and B. Dudson and L. L. LoDestro and J. R. Myra},
  title =        {{Status and verification of edge plasma turbulence code BOUT}},
  journal =      CPP,
  year =         2009,
  volume =       {180},
  pages =        {887-903},
}


@Article{Popovich2010a,
author =         {P. Popovich and M. V. Umansky and T. A. Carter and B. Friedman},
title =          {Analysis of plasma instabilities and verification of BOUT code for linear plasma device},
year =           2010,
journal =        POP,
volume =         17,
pages =          102107 
}



@Article{Popovich2010b,
  author =       {P. Popovich and M. V. Umansky and T. A. Carter and B. Friedman},
  title =        {Modeling of plasma turbulence and transport in the Large Plasma Device},
  journal =      POP, 
  year =         2010,
  volume =       17,
  pages =        122312
}

@Article{simakov2003,
  author =       {A. N. Simakov and P. J. Catto},
  title =        {Drift-ordered fluid equations for field-aligned modes in low-$\beta$ collisional plasma with equilibrium pressure pedestals},
  journal =      POP, 
  year =         2003,
  volume =       10,
  pages =        4744
}


@Article{Umansky2011,
  author =       {M. V. Umansky and P. Popovich and T. A. Carter and B. Friedman and W. M. Nevins},
  title =        {Numerical simulation and analysis of plasma turbulence the Large Plasma Device },
  journal =      POP, 
  year =         2011,
  volume =       18,
  pages =        055709
}


@Article{Kolmogorov1941,
  title = {The local structure of turbulence in incompressible viscous fluid for very large Reynolds numbers},
  author = {A. N. Kolmogorov},
  journal = "Dokl Akad. Nauk SSSR",
  volume = {30},
  pages = {301--305},
  year = {1941}
}


@Article{baver2002,
  author =       {D. A. Baver and P. W. Terry and R. Gatto and E. Fernandez},
  title =        {Nonlinear stability and instability in collisionless trapped electron mode turbulence},
  journal =      POP,
  year =         {2002},
  volume =    9,
  pages =     {3318}
}

@ARTICLE{dudson2009,
AUTHOR = "B. D. Dudson and M. V. Umansky and X. Q. Xu and P. B. Snyder and H. R. Wilson",
TITLE = "BOUT++: A framework for parallel plasma fluid simulations.",
JOURNAL = "Computer Physics Communications",
PAGES = {1467-1480},
YEAR = {2009}  }

@ARTICLE{arakawa1966,
AUTHOR = "A. Arakawa",
TITLE = "Computational Design for Long-Term Numerical Integration of the Equations of Fluid Motion",
JOURNAL = "J. Computational Physics",
VOLUME = 1,
PAGES = {119-143},
YEAR = {1966}  }


@Article{drake1995,
  author =       {J. F. Drake and A. Zeiler and D. Biskamp},
  title =        {Nonlinear Self-Sustained Drift-Wave Turbulence},
  journal =      PRL,
  year =         {1995},
  volume =    75,
  pages =     {4222}
}

@Article{biskamp1995,
  author =       {D. Biskamp and A. Zeiler},
  title =        {Nonlinear Instability Mechanism in 3D Collisional Drift-Wave Turbulence},
  journal =      PRL,
  year =         {1995},
  volume =    74,
  pages =     {706}
}


@Article{scott1990,
  author =       {B. D. Scott},
  title =        {Self-Sustained Collisional Drift-Wave Turbulence in a Sheared Magnetic Field},
  journal =      PRL,
  year =         {1990},
  volume =    65,
  pages =     {3289}
}

@Article{scott1992,
  author =       {B. D. Scott},
  title =        {The mechanism of self sustainment in collisional drift wave turbulence},
  journal =      POFB,
  year =         {1992},
  volume =    4,
  pages =     {2468}
}

@Article{waltz1985,
  author =       {R. E. Waltz},
  title =        {Subcritical Magnetohydrodynamic Turbulence},
  journal =      PRL,
  year =         {1985},
  volume =    55,
  pages =     {1098}
}

@Article{rogers2010,
  author =       {B. Rogers and P. Ricci},
  title =        {Low-frequency turbulence in a linear magnetized plasma},
  journal =      PRL,
  year =         {2010},
  volume =    104,
  pages =     {225002}
}

@Article{nordman1993,
  author =       {H. Nordman and V. P. Pavlenko and J. Weiland},
  title =        {Subcritical reactive drift wave turbulence},
  journal =      POFB,
  year =         {1993},
  volume =    5,
  pages =     {402}
}

@Article{korsholm1999,
  author =       {S. B. Korsholm and P. K. Michelsen and V. Naulin},
  title =        {Resistive drift wave turbulence in a three-dimensional geometry},
  journal =      POP,
  year =         {1999},
  volume =    6,
  pages =     {2401}
}

@Article{zeiler1996,
  author =       {A. Zeiler and D. Biskamp and J. F. Drake and P. N. Guzdar},
  title =        {Three-dimensional fluid simulations of tokamak edge turbulence},
  journal =      POP,
  year =         {1996},
  volume =    3,
  pages =     {2951}
}


@Article{zeiler1997,
  author =       {A. Zeiler and J. F. Drake and D. Biskamp},
  title =        {Electron temperature fluctuations in drift-resistive ballooning turbulence},
  journal =      POP,
  year =         {1997},
  volume =    4,
  pages =     {991}
}

@Article{scott2002,
  author =       {B. D. Scott},
  title =        {The nonlinear drift wave instability and its role in tokamak edge turbulence},
  journal =      NJP,
  year =         {2002},
  volume =    4,
  pages =     {52.1-52.30}
}

@Article{scott2003,
  author =       {B. D. Scott},
  title =        {Computation of electromagnetic turbulence and anomalous transport mechanisms in tokamak plasmas},
  journal =      PPCF,
  year =         {2003},
  volume =    45,
  pages =     {A385-A398}
}


@Article{scott2005,
  author =       {B. D. Scott},
  title =        {Drift wave versus interchange turbulence in tokamak geometry: Linear versus nonlinear mode structure},
  journal =      POP,
  year =         {2005},
  volume =    12,
  pages =     {062314}
}

@Article{makwana2011,
  author =       {K. D. Makwana and P. W. Terry and J. -H. Kim and D. R. Hatch},
  title =        {Damped eigenmode saturation in plasma fluid turbulence},
  journal =      POP,
  year =         {2011},
  volume =    18,
  pages =     {012302}
}


@Article{terry2006a,
  author =       {P. W. Terry and R. Gatto},
  title =        {Nonlinear inward particle flux component in trapped electron mode turbulence},
  journal =      POP,
  year =         {2006},
  volume =    13,
  pages =     {062309}
}


@Article{gatto2006,
  author =       {R. Gatto and P. W. Terry and D. A. Baver},
  title =        {Nonlinear damping of zonal modes in anisotropic weakly collisional trapped electron mode turbulence},
  journal =      POP,
  year =         {2006},
  volume =    13,
  pages =     {022306}
}


@Article{terry2009,
  author =       {P. W. Terry and D. A. Baver and D. R. Hatch},
  title =        {Reduction of inward momentum flux by damped eigenmodes},
  journal =      POP,
  year =         {2009},
  volume =    16,
  pages =     {122305}
}


@Article{terry2002,
  author =       {P. W. Terry and R. Gatto and D. A. Baver},
  title =        {Nonlinear Damping of Plasma Zonal Flows Excited by Inverse Spectral Transfer},
  journal =      PRL,
  year =         {2002},
  volume =    89,
  pages =     {205001}
}

@Article{hatch2011,
  author =       {D. R. Hatch and P. W. Terry and F. Jenko and F. Merz and W. M. Nevins},
  title =        {Saturation of Gyrokinetic Turbulence through Damped Eigenmodes},
  journal =      PRL,
  year =         {2011},
  volume =    106,
  pages =     {115003}
}

@Article{kim2010,
  author =       {J.-H. Kim and P. W. Terry},
  title =        {Energetic study of the transition to nonlinear state in two-dimensional electron temperature gradient fluid turbulence},
  journal =      POP,
  year =         {2010},
  volume =    17,
  pages =     {112306}
}

@Article{terry2006b,
  author =       {P. W. Terry and D. A. Baver and S. Gupta},
  title =        {Role of stable eigenmodes in saturated local plasma turbulence},
  journal =      POP,
  year =         {2006},
  volume =    13,
  pages =     {022307}
}

@Article{hatch2009,
  author =       {D. R. Hatch and P. W. Terry and W. M. Nevins and W. Dorland},
  title =        {Role of stable eigenmodes in gyrokinetic models of ion temperature gradient turbulence},
  journal =      POP,
  year =         {2009},
  volume =    16,
  pages =     {022311}
}

@Article{hasegawa1983,
  author =       {A. Hasegawa and M. Wakatani},
  title =        {Plasma Edge Turbulence},
  journal =      PRL,
  year =         {1983},
  volume =    50,
  pages =     {682-686}
}

@Article{itoh1996,
  author =       {K. Itoh and S. I. Itoh and M. Yagi and A. Fukuyama},
  title =        {Subcritical Excitation of Plasma Turbulence},
  journal =      {Journal of the Physical Society of Japan},
  year =         {1996},
  volume =    65,
  pages =     {2749-2752}
}

@Article{manneville2008,
  author =       {P. Manneville},
  title =        {Understanding the sub-critical transition to turbulence in wall flows},
  journal =      {Pramana},
  year =         {2008},
  volume =    70,
  pages =     {1009-1021}
}

@Article{dimits2000,
  author =       {A. M. Dimits and G. Bateman and M. A. Beer and B. I. Cohen and W. Dorland and G. W. Hammett and C. Kim and J. E. Kinsey and M. Kotschenreuther and A. H. Kritz and L. L. Lao and J. Mandrekas and W. M. Nevins and S. E. Parker and A. J. Redd and D. E. Shumaker and R. Sydora and J. Weiland},
  title =        {Comparisons and Physics Basis of Tokamak Transport Models and Turbulece Simulations},
  journal =      POP,
  year =         {2000},
  volume =    7,
  pages =     {969}
}

@Article{ernst2004,
  author =       {D. R. Ernst and P. T. Bonoli and P. J. Catto and W. Dorland and C. L. Fiore and R. S. Granetz and M. Greenwald and A. E. Hubbard and M. Prokolab and M. H. Redi and J. E. Rice and K. Zhurovich},
  title =        {Role of trapped electron mode turbulence in internal transport barrier control in the Alcator C-Mod Tokamak},
  journal =      POP,
  year =         {2004},
  volume =    11,
  pages =     {2637}
}

@Article{friedman2012,
  author =       {B. Friedman and M. V. Umansky and T. A. Carter},
  title =        {Grid Convergence Study in a Simulation of LAPD Turbulence},
  journal =      CPP,
  year =         {2012},
  volume =    52,
  pages =     {412-416}
}

@Article{friedman2012b,
  author =       {B. Friedman and T. A. Carter and M. V. Umansky and D. Schaffner and B. Dudson},
  title =       {Energy dynamics in a simulation of LAPD turbulence},
  journal =      POP,
  year =         {2012},
  volume =    19,
  pages =     {102307}
}

@Article{friedman2013,
  author =       {B. Friedman and T. A. Carter and M. V. Umansky and D. Schaffner and I. Joseph},
  title =       {Nonlinear instability in simulations of Large Plasma Device turbulence},
  journal =      POP,
  year =         {2013},
  volume =    submitted
}


@Article{highcock2012,
  author =       {E. G. Highcock and  A. A. Schekochihin and S. C. Cowley and M. Barnes and F. I. Parra and C. M. Roach and W. Dorland},
  title =        {Zero-Turbulence Manifold in a Toroidal Plasma},
  journal =      PRL,
  year =         {2012},
  volume =    109,
  pages =     {265001}
}

@Article{loizu2012,
  author =       {J. Loizu and P. Ricci and F. Halpern and S. Jolliet},
  title =        {Boundary conditions for plasma fluid models at the magnetic presheath entrance},
  journal =      POP,
  year =         {2012},
  volume =       13,
  pages =        {122307}
}

@Article{berk1991,
  author =       {H. L. Berk and D. D. Ryutov and Yu. A. Tsidulko},
  title =        {Temperature-gradient instability induced by conducting end walls},
  journal =      POFB,
  year =         {1991},
  volume =    3,
  pages =     {1346}
}

@Article{berk1993,
  author =       {H. L. Berk and R. H. Cohen and D. D. Ryutov and Yu. A. Tsidulko and X. Q. Xu},
  title =        {Electron temperature gradient induced instability induced in tokamak scrape-off layers},
  journal =      NUF,
  year =         {1993},
  volume =    33,
  pages =     {263}
}


@Article{schaffner2012,
  author =       {D. A. Schaffner and T. A. Carter and G. D. Rossi and D. S. Guice and J. E. Maggs and S. Vincena and B. Friedman},
  title =        {Modification of Turbulent Transport with Continuous Variation of Flow Shear in the Large Plasma Device},
  journal =      PRL,
  year =         {2012},
  volume =    109,
  pages =     {135002}
}

@Article{kamataki2007,
  author =       {K. Kamataki and Y. Nagashima and S. Shinohara and Y. Kawai and M. Yagi and K. Itoh and S. -I. Itoh},
  title =        {Coexistence of collisional drift and flute wave instabilities in bounded linear ECR Plasma},
  journal =      JPSJ,
  year =         {2007},
  volume =    76,
  pages =     {054501}
}

@Article{brochard2005,
  author =       {F. Brochard and E. Gravier and G. Bonhomme},
  title =        {Transition from flute modes to drift waves in a magnetized plasma column},
  journal =      POP,
  year =         {2005},
  volume =       12,
  pages =        {062104}
}

@Book{stangeby2000,
  author =       {P. C. Stangeby},
  title =        {The plasma boundary of magnetic fusion devices},
  publisher =      {Institute of Physics Publishing},
  year =         {2000},
}

@Article{xu1993,
  author =       {X. Q. Xu and M. N. Rosenbluth and P. H. Diamond},
  title =        {Electron-temperature-gradient-driven instability in tokamak boundary plasma},
  journal =      POFB,
  year =         {1993},
  volume =       5,
  pages =        {2206}
}

@Book{wesson2004,
  author =       {J. Wesson},
  title =        {Tokamaks},
  publisher =      {Clarendon Press},
  year =         {2004},
}

@Book{chen2006,
  author =       {F. F. Chen},
  title =        {Introduction to Plasma Physics and Controlled Fusion},
  publisher =      {Springer},
  year =         {2006},
}

@Book{hutchinson2002,
  author =       {I. H. Hutchinson},
  title =        {Principles of Plasma Diagnostics},
  publisher =      {Cambridge University Press},
  year =         {2002},
}

@Book{drazin1981,
  author =       {P. G. Drazin and W. H. Reid},
  title =        {Hydrodynamic Stability},
  publisher =      {Cambridge University Press},
  year =         {1981},
}

